%% This BibTeX bibliography file was created using BibDesk.
%% http://bibdesk.sourceforge.net/
  
  
  %% Created for Lauro Cesar Araujo at 2015-04-27 19:43:45 -0300 


%% Saved with string encoding Unicode (UTF-8) 



@article{morettin2006analise,
  title={An{\'a}lise de S{\'e}ries Temporais 2{\textordfeminine} Edi{\c{c}}{\~a}o Revista e Ampliada},
  author={Morettin, PA and Toloi, CM},
  journal={ABE--Projeto Fisher, Editora Edgar Bl{\"u}cher},
  year={2006}
}

@misc{conab2022,
  author = {Conab},
  year = {2022},
  url = {https://www.conab.gov.br/busca?searchword=soja&searchphrase=all},
  note = {Acesso em 26 de novembro de 2022}
}

@misc{cepea2022,
  author = {CEPEA},
  year = {2022},
  url = {https://www.cepea.esalq.usp.br/br},
  note = {Acesso em 26 de novembro de 2022}
}

@misc{FAOSTAT2022,
  author = {FAOSTAT},
  year = {2022},
  url = {www.fao.org/faostat/en/#data/QCL/visualize},
  note = {Acesso em 26 de novembro de 2022}
}

@misc{embrapa2022,
  author = {EMBRAPA},
  year = {2022},
  url = {https://www.embrapa.br/soja},
  note = {Acesso em 26 de novembro de 2022}
}

@book{hyndman2018forecasting,
  title={Forecasting: principles and practice},
  author={Hyndman, Rob J and Athanasopoulos, George},
  year={2018},
  publisher={OTexts}
}

@article{martins2014comparison,
  title={Comparison of individual forecasts and their combinations: a study with industrial series},
  author={Martins, Vera L{\'u}cia Milani and Werner, Liane},
  journal={Production},
  volume={24},
  pages={618--627},
  year={2014},
  publisher={SciELO Brasil}
}

@article{barbosa2015metodologia,
  title={Metodologia Box \& Jenkins para previs{\~a}o de temperatura m{\'e}dia mensal da cidade de Bauru (SP)},
  author={BARBOSA, Eduardo Campana and S{\'A}FADI, Thelma and NASCIMENTO, Moys{\'e}s and NASCIMENTO, Ana Carolina Campana and SILVA, Carlos Henrique Os{\'o}rio and Manuli, RC},
  journal={Revista Brasileira de Biometria},
  volume={33},
  number={1},
  pages={104--117},
  year={2015}
}
